<?xml version="1.0" encoding="UTF-8"?><collection xmlns="http://www.loc.gov/MARC21/slim"><record><leader>00480nam--2200181-u-4500</leader><controlfield tag="001">000050905</controlfield><controlfield tag="002">20161230</controlfield><controlfield tag="005">20161230201048</controlfield><controlfield tag="008">080422s1000------------r-----000-0-eng-d</controlfield><datafield ind1=" " ind2=" " tag="040"><subfield code="a">IFIN-HH</subfield></datafield><datafield ind1=" " ind2=" " tag="080"><subfield code="a">51</subfield></datafield><datafield ind1="1" ind2=" " tag="100"><subfield code="a">Alfsen,Erik M</subfield></datafield><datafield ind1="1" ind2="0" tag="245"><subfield code="a">Compact Convex Sets and Boundary Integrals</subfield></datafield><datafield ind1=" " ind2=" " tag="260"><subfield code="a">Berlin</subfield><subfield code="b">Springer-Verlag</subfield><subfield code="c">1971</subfield></datafield><datafield ind1=" " ind2=" " tag="300"><subfield code="a">210 p</subfield></datafield><datafield ind1=" " ind2=" " tag="490"><subfield code="a">Ergebnisse der Mathematik und ihrer grenzgebiete</subfield><subfield code="v">Band 57</subfield></datafield><datafield ind1=" " ind2=" " tag="852"><subfield code="c">51</subfield></datafield><datafield ind1=" " ind2=" " tag="CAT"><subfield code="a">Sys</subfield><subfield code="c">20080422</subfield><subfield code="h">082500</subfield></datafield></record></collection>